<?xml version="1.0" encoding="UTF-8"?><collection xmlns="http://www.loc.gov/MARC21/slim"><record><leader>00518nam--2200181-i-4500</leader><controlfield tag="001">000027140</controlfield><controlfield tag="002">20161230</controlfield><controlfield tag="005">20161230201036</controlfield><controlfield tag="008">060222s1000------------r-----000-0-eng-d</controlfield><datafield ind1=" " ind2=" " tag="040"><subfield code="a">IFIN-HH</subfield></datafield><datafield ind1=" " ind2=" " tag="080"><subfield code="a">536.7:538.913</subfield></datafield><datafield ind1="1" ind2=" " tag="100"><subfield code="a">Kocinski, Jerzy</subfield></datafield><datafield ind1="1" ind2="0" tag="245"><subfield code="a">Critical scattering theory</subfield><subfield code="b">An introduction</subfield><subfield code="c">Jerzy kocinski; leszek wojtczak</subfield></datafield><datafield ind1=" " ind2=" " tag="260"><subfield code="a">Warszawa</subfield><subfield code="b">Pwn-polish Scientific Publishing</subfield><subfield code="c">1978</subfield></datafield><datafield ind1=" " ind2=" " tag="300"><subfield code="a">X + 227P</subfield></datafield><datafield ind1="1" ind2=" " tag="700"><subfield code="a">Wojtczak, Leszek</subfield></datafield><datafield ind1=" " ind2=" " tag="852"><subfield code="a">46148</subfield><subfield code="c">536.7</subfield></datafield><datafield ind1=" " ind2=" " tag="CAT"><subfield code="a">Sys</subfield><subfield code="c">20110531</subfield><subfield code="h">125938</subfield></datafield></record></collection>